%% This BibTeX bibliography file was created using BibDesk.
%% http://bibdesk.sourceforge.net/


%% Created for Mark Boots at 2011-10-20 05:02:27 -0600 


%% Saved with string encoding Unicode (UTF-8) 



@book{Nev02,
	Author = {Nevi{\`e}re, M. and Popov, E.},
	Date-Added = {2011-10-20 11:01:52 +0000},
	Date-Modified = {2011-10-20 11:02:27 +0000},
	Isbn = {9780824708931},
	Lccn = {02035191},
	Publisher = {Marcel Dekker},
	Series = {Optical engineering},
	Title = {Light propagation in periodic media: differential theory and design},
	Url = {http://books.google.com/books?id=Evf2FUIn1c0C},
	Year = {2003},
	Bdsk-Url-1 = {http://books.google.com/books?id=Evf2FUIn1c0C}}

@article{And81,
	Abstract = { The problem of diffraction from lossless reflection gratings is treated with a modal expansion formulation which incorporates an impedance condition on the mode eigenfunctions along the groove aperture. The theory for both fundamental polarizations is applied to three different grating profiles and is found to yield results which conform well with predictions of an established integral theory over a restricted range of groove depths. The upper bounds on these depths are approximately 0·2 periods for the symmetrical triangular profile and 0·5 periods for the semi-circular and sinusoidal profiles. Beyond these limits numerical instabilities occur and the results often fail to satisfy standard numerical tests. },
	Author = {Andrewartha, J.R. and Derrick, G.H. and McPhedran, R.C.},
	Date-Added = {2011-10-20 10:53:54 +0000},
	Date-Modified = {2011-10-20 10:54:03 +0000},
	Doi = {10.1080/713820488},
	Eprint = {http://www.tandfonline.com/doi/pdf/10.1080/713820488},
	Journal = {Optica Acta: International Journal of Optics},
	Number = {11},
	Pages = {1501-1516},
	Title = {A General Modal Theory for Reflection Gratings},
	Url = {http://www.tandfonline.com/doi/abs/10.1080/713820488},
	Volume = {28},
	Year = {1981},
	Bdsk-Url-1 = {http://www.tandfonline.com/doi/abs/10.1080/713820488},
	Bdsk-Url-2 = {http://dx.doi.org/10.1080/713820488}}

@article{Bot81a,
	Abstract = { A rigorous modal theory describing the diffraction properties of a finitely conducting lamellar grating is presented. The method used is the generalization to lossy structures of an earlier formalism for the dielectric lamellar grating. Sample results of the method are given, demonstrating its accuracy and its ability to deal with problems intractable by the widely used integral-equation formalisms of diffraction grating theory. },
	Author = {Botten, L.C. and Craig, M.S. and McPhedran, R.C. and Adams, J.L. and Andrewartha, J.R.},
	Date-Added = {2011-10-20 10:52:10 +0000},
	Date-Modified = {2011-10-20 10:52:16 +0000},
	Doi = {10.1080/713820680},
	Eprint = {http://www.tandfonline.com/doi/pdf/10.1080/713820680},
	Journal = {Optica Acta: International Journal of Optics},
	Number = {8},
	Pages = {1087-1102},
	Title = {The Finitely Conducting Lamellar Diffraction Grating},
	Url = {http://www.tandfonline.com/doi/abs/10.1080/713820680},
	Volume = {28},
	Year = {1981},
	Bdsk-Url-1 = {http://www.tandfonline.com/doi/abs/10.1080/713820680},
	Bdsk-Url-2 = {http://dx.doi.org/10.1080/713820680}}

@article{Bot81,
	Abstract = { A rigorous modal theory describing the diffraction properties of a dielectric lamellar grating is presented. The numerical implementation is shown to be suited to modelling the behaviour of high refractive index gratings. This suggests that an approach of this type may be successfully applied to the problem of lossy metallic lamellar gratings. },
	Author = {Botten, I.C. and Craig, M.S. and McPhedran, R.C. and Adams, J.L. and Andrewartha, J.R.},
	Date-Added = {2011-10-20 10:50:21 +0000},
	Date-Modified = {2011-10-20 10:50:32 +0000},
	Doi = {10.1080/713820571},
	Eprint = {http://www.tandfonline.com/doi/pdf/10.1080/713820571},
	Journal = {Optica Acta: International Journal of Optics},
	Number = {3},
	Pages = {413-428},
	Title = {The Dielectric Lamellar Diffraction Grating},
	Url = {http://www.tandfonline.com/doi/abs/10.1080/713820571},
	Volume = {28},
	Year = {1981},
	Bdsk-Url-1 = {http://www.tandfonline.com/doi/abs/10.1080/713820571},
	Bdsk-Url-2 = {http://dx.doi.org/10.1080/713820571}}

@article{Pop01,
	Abstract = {We establish the most general differential equations that are satisfied by the Fourier components of the electromagnetic field diffracted by an arbitrary periodic anisotropic medium. The equations are derived by use of the recently published fast-Fourier-factorization (FFF) method, which ensures fast convergence of the Fourier series of the field. The diffraction by classic isotropic gratings arises as a particular case of the derived equations; the case of anisotropic classic gratings was published elsewhere. The equations can be resolved either through classic differential theory or through the modal method for particular groove profiles. The new equations improve both methods in the same way. Crossed gratings, among which are grids and two-dimensional arbitrarily shaped periodic surfaces, appear as particular cases of the theory, as do three-dimensional photonic crystals. The method can be extended to nonperiodic media through the use of a Fourier transform.},
	Author = {Evgeny Popov and Michel Nevi\`{e}re},
	Date-Added = {2011-10-20 10:42:58 +0000},
	Date-Modified = {2011-10-20 10:43:15 +0000},
	Doi = {10.1364/JOSAA.18.002886},
	Journal = {J. Opt. Soc. Am. A},
	Keywords = {Diffraction gratings; Diffraction theory; ABCD transforms ; Electromagnetic optics},
	Month = {Nov},
	Number = {11},
	Pages = {2886--2894},
	Publisher = {OSA},
	Title = {Maxwell equations in Fourier space: fast-converging formulation for diffraction by arbitrary shaped, periodic, anisotropic media},
	Url = {http://josaa.osa.org/abstract.cfm?URI=josaa-18-11-2886},
	Volume = {18},
	Year = {2001},
	Bdsk-File-1 = {YnBsaXN0MDDUAQIDBAUIJidUJHRvcFgkb2JqZWN0c1gkdmVyc2lvblkkYXJjaGl2ZXLRBgdUcm9vdIABqAkKFRYXGyIjVSRudWxs0wsMDQ4RFFpOUy5vYmplY3RzV05TLmtleXNWJGNsYXNzog8QgASABqISE4ACgAOAB1lhbGlhc0RhdGFccmVsYXRpdmVQYXRo0hgNGRpXTlMuZGF0YU8RAi4AAAAAAi4AAgAADE1hY2ludG9zaCBIRAAAAAAAAAAAAAAAAAAAAMo8HKNIKwAAABE10h9NYXh3ZWxsIGVxdWF0aW9ucyBpbiMxQzA1MEEucGRmAAAAAAAAAAAAAAAAAAAAAAAAAAAAAAAAAAAAAAAAAAAAHAUKyrHr8AAAAAAAAAAAAAEAAwAACSAAAAAAAAAAAAAAAAAAAAAGcGFwZXJzABAACAAAyjxxAwAAABEACAAAyrJAUAAAAAEAIAARNdIADs9TAAyzmwAMs5gADLOVAAUBKQAFASgAAL8xAAIAbE1hY2ludG9zaCBIRDpVc2VyczoAbWJvb3RzOgBEb2N1bWVudHM6ADIwMTE6AGJlYW10ZWFtOgB0aGVzaXM6AGRhdGE6AHBhcGVyczoATWF4d2VsbCBlcXVhdGlvbnMgaW4jMUMwNTBBLnBkZgAOAE4AJgBNAGEAeAB3AGUAbABsACAAZQBxAHUAYQB0AGkAbwBuAHMAIABpAG4AIABGAG8AdQByAGkAZQByACAAcwBwAGEAYwBlAC4AcABkAGYADwAaAAwATQBhAGMAaQBuAHQAbwBzAGgAIABIAEQAEgBeVXNlcnMvbWJvb3RzL0RvY3VtZW50cy8yMDExL2JlYW10ZWFtL3RoZXNpcy9kYXRhL3BhcGVycy9NYXh3ZWxsIGVxdWF0aW9ucyBpbiBGb3VyaWVyIHNwYWNlLnBkZgATAAEvAAAVAAIADf//AACABdIcHR4fWCRjbGFzc2VzWiRjbGFzc25hbWWjHyAhXU5TTXV0YWJsZURhdGFWTlNEYXRhWE5TT2JqZWN0XxA1Li4vZGF0YS9wYXBlcnMvTWF4d2VsbCBlcXVhdGlvbnMgaW4gRm91cmllciBzcGFjZS5wZGbSHB0kJaIlIVxOU0RpY3Rpb25hcnkSAAGGoF8QD05TS2V5ZWRBcmNoaXZlcgAIABEAFgAfACgAMgA1ADoAPABFAEsAUgBdAGUAbABvAHEAcwB2AHgAegB8AIYAkwCYAKAC0gLUAtkC4gLtAvEC/wMGAw8DRwNMA08DXANhAAAAAAAAAgEAAAAAAAAAKAAAAAAAAAAAAAAAAAAAA3M=},
	Bdsk-Url-1 = {http://josaa.osa.org/abstract.cfm?URI=josaa-18-11-2886},
	Bdsk-Url-2 = {http://dx.doi.org/10.1364/JOSAA.18.002886}}

@article{Li96b,
	Abstract = {The recent reformulation of the coupled-wave method by Lalanne and Morris \[J. Opt. Soc. Am. A 13, 779 (1996)\] and by Granet and Guizal \[J. Opt. Soc. Am. A 13, 1019 (1996)\], which dramatically improves the convergence of the method for metallic gratings in TM polarization, is given a firm mathematical foundation in this paper. The new formulation converges faster because it uniformly satisfies the boundary conditions in the grating region, whereas the old formulations do so only nonuniformly. Mathematical theorems that govern the factorization of the Fourier coefficients of products of functions having jump discontinuities are given. The results of this paper are applicable to any numerical work that requires the Fourier analysis of products of discontinuous periodic functions.},
	Author = {Lifeng Li},
	Date-Added = {2011-10-20 10:37:40 +0000},
	Date-Modified = {2011-10-20 10:37:50 +0000},
	Doi = {10.1364/JOSAA.13.001870},
	Journal = {J. Opt. Soc. Am. A},
	Month = {Sep},
	Number = {9},
	Pages = {1870--1876},
	Publisher = {OSA},
	Title = {Use of Fourier series in the analysis of discontinuous periodic structures},
	Url = {http://josaa.osa.org/abstract.cfm?URI=josaa-13-9-1870},
	Volume = {13},
	Year = {1996},
	Bdsk-File-1 = {YnBsaXN0MDDUAQIDBAUIJidUJHRvcFgkb2JqZWN0c1gkdmVyc2lvblkkYXJjaGl2ZXLRBgdUcm9vdIABqAkKFRYXGyIjVSRudWxs0wsMDQ4RFFpOUy5vYmplY3RzV05TLmtleXNWJGNsYXNzog8QgASABqISE4ACgAOAB1lhbGlhc0RhdGFccmVsYXRpdmVQYXRo0hgNGRpXTlMuZGF0YU8RAmQAAAAAAmQAAgAADE1hY2ludG9zaCBIRAAAAAAAAAAAAAAAAAAAAMo8HKNIKwAAABE10h9Vc2VPZkZvdXJpZXJTZXJpZXNJbiMxQzA0NDAucGRmAAAAAAAAAAAAAAAAAAAAAAAAAAAAAAAAAAAAAAAAAAAAHARAyrHr8AAAAAAAAAAAAAEAAwAACSAAAAAAAAAAAAAAAAAAAAAGcGFwZXJzABAACAAAyjxxAwAAABEACAAAyrJAUAAAAAEAIAARNdIADs9TAAyzmwAMs5gADLOVAAUBKQAFASgAAL8xAAIAbE1hY2ludG9zaCBIRDpVc2VyczoAbWJvb3RzOgBEb2N1bWVudHM6ADIwMTE6AGJlYW10ZWFtOgB0aGVzaXM6AGRhdGE6AHBhcGVyczoAVXNlT2ZGb3VyaWVyU2VyaWVzSW4jMUMwNDQwLnBkZgAOAHIAOABVAHMAZQBPAGYARgBvAHUAcgBpAGUAcgBTAGUAcgBpAGUAcwBJAG4AQQBuAGEAbAB5AHMAaQBzAE8AZgBEAGkAcwBjAG8AbgB0AGkAbgB1AG8AdQBzAEYAdQBuAGMAdABpAG8AbgBzAC4AcABkAGYADwAaAAwATQBhAGMAaQBuAHQAbwBzAGgAIABIAEQAEgBwVXNlcnMvbWJvb3RzL0RvY3VtZW50cy8yMDExL2JlYW10ZWFtL3RoZXNpcy9kYXRhL3BhcGVycy9Vc2VPZkZvdXJpZXJTZXJpZXNJbkFuYWx5c2lzT2ZEaXNjb250aW51b3VzRnVuY3Rpb25zLnBkZgATAAEvAAAVAAIADf//AACABdIcHR4fWCRjbGFzc2VzWiRjbGFzc25hbWWjHyAhXU5TTXV0YWJsZURhdGFWTlNEYXRhWE5TT2JqZWN0XxBHLi4vZGF0YS9wYXBlcnMvVXNlT2ZGb3VyaWVyU2VyaWVzSW5BbmFseXNpc09mRGlzY29udGludW91c0Z1bmN0aW9ucy5wZGbSHB0kJaIlIVxOU0RpY3Rpb25hcnkSAAGGoF8QD05TS2V5ZWRBcmNoaXZlcgAIABEAFgAfACgAMgA1ADoAPABFAEsAUgBdAGUAbABvAHEAcwB2AHgAegB8AIYAkwCYAKADCAMKAw8DGAMjAycDNQM8A0UDjwOUA5cDpAOpAAAAAAAAAgEAAAAAAAAAKAAAAAAAAAAAAAAAAAAAA7s=},
	Bdsk-Url-1 = {http://josaa.osa.org/abstract.cfm?URI=josaa-13-9-1870},
	Bdsk-Url-2 = {http://dx.doi.org/10.1364/JOSAA.13.001870}}

@article{Mon98,
	Abstract = { Abstract The feasibility of making a frequency doubler for integrated optics is studied with the electromagnetic theory of gratings and graded-index waveguides as a tool. The device consists of a first waveguide filled with a sol-gel nonlinear material doped or grafted with a nonlinear chromophore whose thickness is chosen to generate a second-harmonic Cerenkov radiation in a dispersive glass substrate. The Cerenkov radiation is coupled into a second waveguide through a graded-index layer produced by ion exchange into glass, lying on top of an ion-etched grating coupler. The aim of the study is to optimize the optogeometrical parameters of the device in order to obtain a resonance line of the second waveguide modes that has an angular width large enough to match the experimental constraints, and which leads to a good enough coupling coefficient. The electromagnetic theory of grating couplers is developed into an S-matrix propagation algorithm form in order to be combined with the electromagnetic analysis of the thick graded-index waveguide with a view to analysing the device. },
	Author = {Montiel, F. and Neviere, M. and Peyrot, P.},
	Date-Added = {2011-10-20 10:32:37 +0000},
	Date-Modified = {2011-10-20 10:32:48 +0000},
	Doi = {10.1080/09500349808231753},
	Eprint = {http://www.tandfonline.com/doi/pdf/10.1080/09500349808231753},
	Journal = {Journal of Modern Optics},
	Number = {10},
	Pages = {2169-2186},
	Title = {Waveguide confinement of cerenkov second-harmonic generation through a graded-index grating coupler: Electromagnetic optimization},
	Url = {http://www.tandfonline.com/doi/abs/10.1080/09500349808231753},
	Volume = {45},
	Year = {1998},
	Bdsk-File-1 = {YnBsaXN0MDDUAQIDBAUIJidUJHRvcFgkb2JqZWN0c1gkdmVyc2lvblkkYXJjaGl2ZXLRBgdUcm9vdIABqAkKFRYXGyIjVSRudWxs0wsMDQ4RFFpOUy5vYmplY3RzV05TLmtleXNWJGNsYXNzog8QgASABqISE4ACgAOAB1lhbGlhc0RhdGFccmVsYXRpdmVQYXRo0hgNGRpXTlMuZGF0YU8RAiAAAAAAAiAAAgAADE1hY2ludG9zaCBIRAAAAAAAAAAAAAAAAAAAAMo8HKNIKwAAABE10h9XYXZlZ3VpZGUgY29uZmluZW1lbiMxQzA0MDYucGRmAAAAAAAAAAAAAAAAAAAAAAAAAAAAAAAAAAAAAAAAAAAAHAQGysVU2gAAAAAAAAAAAAEAAwAACSAAAAAAAAAAAAAAAAAAAAAGcGFwZXJzABAACAAAyjxxAwAAABEACAAAysWpOgAAAAEAIAARNdIADs9TAAyzmwAMs5gADLOVAAUBKQAFASgAAL8xAAIAbE1hY2ludG9zaCBIRDpVc2VyczoAbWJvb3RzOgBEb2N1bWVudHM6ADIwMTE6AGJlYW10ZWFtOgB0aGVzaXM6AGRhdGE6AHBhcGVyczoAV2F2ZWd1aWRlIGNvbmZpbmVtZW4jMUMwNDA2LnBkZgAOAEQAIQBXAGEAdgBlAGcAdQBpAGQAZQAgAGMAbwBuAGYAaQBuAGUAbQBlAG4AdAAtAE4AZQB2AGkAZQByAGUALgBwAGQAZgAPABoADABNAGEAYwBpAG4AdABvAHMAaAAgAEgARAASAFlVc2Vycy9tYm9vdHMvRG9jdW1lbnRzLzIwMTEvYmVhbXRlYW0vdGhlc2lzL2RhdGEvcGFwZXJzL1dhdmVndWlkZSBjb25maW5lbWVudC1OZXZpZXJlLnBkZgAAEwABLwAAFQACAA3//wAAgAXSHB0eH1gkY2xhc3Nlc1okY2xhc3NuYW1lox8gIV1OU011dGFibGVEYXRhVk5TRGF0YVhOU09iamVjdF8QMC4uL2RhdGEvcGFwZXJzL1dhdmVndWlkZSBjb25maW5lbWVudC1OZXZpZXJlLnBkZtIcHSQloiUhXE5TRGljdGlvbmFyeRIAAYagXxAPTlNLZXllZEFyY2hpdmVyAAgAEQAWAB8AKAAyADUAOgA8AEUASwBSAF0AZQBsAG8AcQBzAHYAeAB6AHwAhgCTAJgAoALEAsYCywLUAt8C4wLxAvgDAQM0AzkDPANJA04AAAAAAAACAQAAAAAAAAAoAAAAAAAAAAAAAAAAAAADYA==},
	Bdsk-Url-1 = {http://www.tandfonline.com/doi/abs/10.1080/09500349808231753},
	Bdsk-Url-2 = {http://dx.doi.org/10.1080/09500349808231753}}

@article{Li96,
	Abstract = {Two recursive and numerically stable matrix algorithms for modeling layered diffraction gratings, the S-matrix algorithm and the R-matrix algorithm, are systematically presented in a form that is independent of the underlying grating models, geometries, and mountings. Many implementation variants of the algorithmsare also presented. Their physical interpretations are given, and their numerical stabilities and efficiencies are discussed in detail. The single most important criterion for achieving unconditional numerical stability with both algorithms is to avoid the exponentially growing functions in every step of the matrix recursion. From the viewpoint of numerical efficiency, the S-matrix algorithm is generally preferred to the R-matrix algorithm, but exceptional cases are noted.},
	Author = {Lifeng Li},
	Date-Added = {2011-10-20 10:28:00 +0000},
	Date-Modified = {2011-10-20 10:28:06 +0000},
	Doi = {10.1364/JOSAA.13.001024},
	Journal = {J. Opt. Soc. Am. A},
	Month = {May},
	Number = {5},
	Pages = {1024--1035},
	Publisher = {OSA},
	Title = {Formulation and comparison of two recursive matrix algorithms for modeling layered diffraction gratings},
	Url = {http://josaa.osa.org/abstract.cfm?URI=josaa-13-5-1024},
	Volume = {13},
	Year = {1996},
	Bdsk-Url-1 = {http://josaa.osa.org/abstract.cfm?URI=josaa-13-5-1024},
	Bdsk-Url-2 = {http://dx.doi.org/10.1364/JOSAA.13.001024}}

@article{Tur96,
	Abstract = {Standard formulations of rigorous Fourier-expansion analysis methods of lamellar gratings reduce, irrespective of the state of polarization, to the TE result of the lowest-order theory of form birefringence when only the zeroth-order terms are retained in the field and permittivity expansions. A reformulation is presented that reduces to the correct form-birefringence result also in the TM case. Expressions are given for the effective relative permittivities $\epsilon$eff of a subwavelength-period grating with an arbitrary relative-permittivity profile $\epsilon$r(x): the lowest-order approximation for $\epsilon$eff is given by the zeroth-order Fourier coefficient of $\epsilon$r(x) in TE polarization and of 1/$\epsilon$r(x) sxd in TM polarization.},
	Author = {Jari Turunen},
	Date-Added = {2011-10-20 10:22:25 +0000},
	Date-Modified = {2011-10-20 10:23:03 +0000},
	Doi = {10.1364/JOSAA.13.001013},
	Journal = {J. Opt. Soc. Am. A},
	Month = {May},
	Number = {5},
	Pages = {1013--1018},
	Publisher = {OSA},
	Title = {Form-birefringence limits of Fourier-expansion methods in grating theory},
	Url = {http://josaa.osa.org/abstract.cfm?URI=josaa-13-5-1013},
	Volume = {13},
	Year = {1996},
	Bdsk-File-1 = {YnBsaXN0MDDUAQIDBAUIJidUJHRvcFgkb2JqZWN0c1gkdmVyc2lvblkkYXJjaGl2ZXLRBgdUcm9vdIABqAkKFRYXGyIjVSRudWxs0wsMDQ4RFFpOUy5vYmplY3RzV05TLmtleXNWJGNsYXNzog8QgASABqISE4ACgAOAB1lhbGlhc0RhdGFccmVsYXRpdmVQYXRo0hgNGRpXTlMuZGF0YU8RAqAAAAAAAqAAAgAADE1hY2ludG9zaCBIRAAAAAAAAAAAAAAAAAAAAMo8HKNIKwAAABE10h9Gb3JtLWJpcmVmcmluZ2VuY2UgbCMxQzAxRjkucGRmAAAAAAAAAAAAAAAAAAAAAAAAAAAAAAAAAAAAAAAAAAAAHAH5ysVSWAAAAAAAAAAAAAEAAwAACSAAAAAAAAAAAAAAAAAAAAAGcGFwZXJzABAACAAAyjxxAwAAABEACAAAysWmuAAAAAEAIAARNdIADs9TAAyzmwAMs5gADLOVAAUBKQAFASgAAL8xAAIAbE1hY2ludG9zaCBIRDpVc2VyczoAbWJvb3RzOgBEb2N1bWVudHM6ADIwMTE6AGJlYW10ZWFtOgB0aGVzaXM6AGRhdGE6AHBhcGVyczoARm9ybS1iaXJlZnJpbmdlbmNlIGwjMUMwMUY5LnBkZgAOAJoATABGAG8AcgBtAC0AYgBpAHIAZQBmAHIAaQBuAGcAZQBuAGMAZQAgAGwAaQBtAGkAdABzACAAbwBmACAARgBvAHUAcgBpAGUAcgAtAGUAeABwAGEAbgBzAGkAbwBuACAAbQBlAHQAaABvAGQAcwAgAGkAbgAgAGcAcgBhAHQAaQBuAGcAIAB0AGgAZQBvAHIAeQAuAHAAZABmAA8AGgAMAE0AYQBjAGkAbgB0AG8AcwBoACAASABEABIAhFVzZXJzL21ib290cy9Eb2N1bWVudHMvMjAxMS9iZWFtdGVhbS90aGVzaXMvZGF0YS9wYXBlcnMvRm9ybS1iaXJlZnJpbmdlbmNlIGxpbWl0cyBvZiBGb3VyaWVyLWV4cGFuc2lvbiBtZXRob2RzIGluIGdyYXRpbmcgdGhlb3J5LnBkZgATAAEvAAAVAAIADf//AACABdIcHR4fWCRjbGFzc2VzWiRjbGFzc25hbWWjHyAhXU5TTXV0YWJsZURhdGFWTlNEYXRhWE5TT2JqZWN0XxBbLi4vZGF0YS9wYXBlcnMvRm9ybS1iaXJlZnJpbmdlbmNlIGxpbWl0cyBvZiBGb3VyaWVyLWV4cGFuc2lvbiBtZXRob2RzIGluIGdyYXRpbmcgdGhlb3J5LnBkZtIcHSQloiUhXE5TRGljdGlvbmFyeRIAAYagXxAPTlNLZXllZEFyY2hpdmVyAAgAEQAWAB8AKAAyADUAOgA8AEUASwBSAF0AZQBsAG8AcQBzAHYAeAB6AHwAhgCTAJgAoANEA0YDSwNUA18DYwNxA3gDgQPfA+QD5wP0A/kAAAAAAAACAQAAAAAAAAAoAAAAAAAAAAAAAAAAAAAECw==},
	Bdsk-Url-1 = {http://josaa.osa.org/abstract.cfm?URI=josaa-13-5-1013},
	Bdsk-Url-2 = {http://dx.doi.org/10.1364/JOSAA.13.001013}}

@article{Pop02,
	Abstract = {An electromagnetic study of the staircase approximation of arbitrary shaped gratings is conducted with three different grating theories. Numerical results on a deep aluminum sinusoidal grating show that the staircase approximation introduces sharp maxima in the local field map close to the edges of the profile. These maxima are especially pronounced in TM polarization and do not exist with the original sinusoidal profile. Their existence is not an algorithmic artifact, since they are found with different grating theories and numerical implementations. Since the number of the maxima increases with the number of the slices, a greater number of Fourier components is required to correctly represent the electromagnetic field, and thus a worsening of the convergence rate is observed. The study of the local field map provides an understanding of why methods that do not use the staircase approximation (e.g., the differential theory) converge faster than methods that use it. As a consequence, a 1\% accuracy in the efficiencies of a deep sinusoidal metallic grating is obtained 30 times faster when the differential theory is used in comparison with the use of the rigorous coupled-wave theory. A theoretical analysis is proposed in the limit when the number of slices tends to infinity, which shows that even in that case the staircase approximation is not well suited to describe the real profile.},
	Author = {Evgeny Popov, Michel Nevi\`{e}re, Boris Gralak, G\'{e}rard Tayeb},
	Date-Added = {2011-10-20 09:56:55 +0000},
	Date-Modified = {2011-10-20 09:57:50 +0000},
	Doi = {10.1364/JOSAA.19.000033},
	Journal = {J. Opt. Soc. Am. A},
	Keywords = {Numerical approximation and analysis; Diffraction gratings; Diffraction theory; Electromagnetic optics},
	Month = {Jan},
	Number = {1},
	Pages = {33--42},
	Publisher = {OSA},
	Title = {Staircase approximation validity for arbitrary-shaped gratings},
	Url = {http://josaa.osa.org/abstract.cfm?URI=josaa-19-1-33},
	Volume = {19},
	Year = {2002},
	Bdsk-File-1 = {YnBsaXN0MDDUAQIDBAUIJidUJHRvcFgkb2JqZWN0c1gkdmVyc2lvblkkYXJjaGl2ZXLRBgdUcm9vdIABqAkKFRYXGyIjVSRudWxs0wsMDQ4RFFpOUy5vYmplY3RzV05TLmtleXNWJGNsYXNzog8QgASABqISE4ACgAOAB1lhbGlhc0RhdGFccmVsYXRpdmVQYXRo0hgNGRpXTlMuZGF0YU8RApQAAAAAApQAAgAADE1hY2ludG9zaCBIRAAAAAAAAAAAAAAAAAAAAMo8HKNIKwAAABE10h9TdGFpcmNhc2UgYXBwcm94aW1hdCMxQzAwNTkucGRmAAAAAAAAAAAAAAAAAAAAAAAAAAAAAAAAAAAAAAAAAAAAHABZysVNzQAAAAAAAAAAAAEAAwAACSAAAAAAAAAAAAAAAAAAAAAGcGFwZXJzABAACAAAyjxxAwAAABEACAAAysWiLQAAAAEAIAARNdIADs9TAAyzmwAMs5gADLOVAAUBKQAFASgAAL8xAAIAbE1hY2ludG9zaCBIRDpVc2VyczoAbWJvb3RzOgBEb2N1bWVudHM6ADIwMTE6AGJlYW10ZWFtOgB0aGVzaXM6AGRhdGE6AHBhcGVyczoAU3RhaXJjYXNlIGFwcHJveGltYXQjMUMwMDU5LnBkZgAOAJIASABTAHQAYQBpAHIAYwBhAHMAZQAgAGEAcABwAHIAbwB4AGkAbQBhAHQAaQBvAG4AIAB2AGEAbABpAGQAaQB0AHkAIABmAG8AcgAgAGEAcgBiAGkAdAByAGEAcgB5AC0AcwBoAGEAcABlAGQAIABnAHIAYQB0AGkAbgBnAHMALQBQAG8AcABvAHYALgBwAGQAZgAPABoADABNAGEAYwBpAG4AdABvAHMAaAAgAEgARAASAIBVc2Vycy9tYm9vdHMvRG9jdW1lbnRzLzIwMTEvYmVhbXRlYW0vdGhlc2lzL2RhdGEvcGFwZXJzL1N0YWlyY2FzZSBhcHByb3hpbWF0aW9uIHZhbGlkaXR5IGZvciBhcmJpdHJhcnktc2hhcGVkIGdyYXRpbmdzLVBvcG92LnBkZgATAAEvAAAVAAIADf//AACABdIcHR4fWCRjbGFzc2VzWiRjbGFzc25hbWWjHyAhXU5TTXV0YWJsZURhdGFWTlNEYXRhWE5TT2JqZWN0XxBXLi4vZGF0YS9wYXBlcnMvU3RhaXJjYXNlIGFwcHJveGltYXRpb24gdmFsaWRpdHkgZm9yIGFyYml0cmFyeS1zaGFwZWQgZ3JhdGluZ3MtUG9wb3YucGRm0hwdJCWiJSFcTlNEaWN0aW9uYXJ5EgABhqBfEA9OU0tleWVkQXJjaGl2ZXIACAARABYAHwAoADIANQA6ADwARQBLAFIAXQBlAGwAbwBxAHMAdgB4AHoAfACGAJMAmACgAzgDOgM/A0gDUwNXA2UDbAN1A88D1APXA+QD6QAAAAAAAAIBAAAAAAAAACgAAAAAAAAAAAAAAAAAAAP7},
	Bdsk-Url-1 = {http://josaa.osa.org/abstract.cfm?URI=josaa-19-1-33},
	Bdsk-Url-2 = {http://dx.doi.org/10.1364/JOSAA.19.000033}}

@article{May72,
	Abstract = {A numerical-integral equation approach is used to determine the efficiencies of finite conductivity gratings.},
	Author = {D. Maystre},
	Date-Added = {2011-10-20 09:52:42 +0000},
	Date-Modified = {2011-10-20 09:53:12 +0000},
	Doi = {10.1016/0030-4018(72)90246-5},
	Issn = {0030-4018},
	Journal = {Optics Communications},
	Number = {1},
	Pages = {50 - 54},
	Title = {Sur la diffraction d'une onde plane par un reseau metallique de conductivite finie},
	Url = {http://www.sciencedirect.com/science/article/pii/0030401872902465},
	Volume = {6},
	Year = {1972},
	Bdsk-Url-1 = {http://www.sciencedirect.com/science/article/pii/0030401872902465},
	Bdsk-Url-2 = {http://dx.doi.org/10.1016/0030-4018(72)90246-5}}

@article{Pav70,
	Abstract = {Une formulation rigoureuse, en th&eacute;orie &eacute;lectromagn&eacute;tique, de la diffraction par un conducteur cylindrique quelconque d&#039;abord, par un r&eacute;seau conducteur ensuite, conduit &agrave; une &eacute;quation int&eacute;grale dont l&#039;avantage est d&#039;&ecirc;tre non singuli&egrave;re. La r&eacute;solution num&eacute;rique en est facilit&eacute;e. La m&eacute;thode it&eacute;rative exp&eacute;riment&eacute;e s&#039;est r&eacute;v&eacute;l&eacute;e d&#039;une application simple, tr&egrave;s g&eacute;n&eacute;rale et d&#039;une grande efficacit&eacute;. Elle permet de d&eacute;terminer la r&eacute;partition entre les diff&eacute;rents ordres de l&#039;&eacute;nergie diffract&eacute;e par un r&eacute;seau conducteur de profil quelconque.},
	Author = {Pavageau J. and Bousquet M.J.},
	Date-Added = {2011-10-20 09:50:18 +0000},
	Date-Modified = {2011-10-20 09:50:32 +0000},
	Journal = {Journal of Modern Optics},
	Number = {6},
	Pages = {469-478},
	Title = {Diffraction par un Reseau Conducteur Nouvelle Methode de Resolution},
	Url = {http://www.ingentaconnect.com/content/tandf/tmop/1970/00000017/00000006/art00005},
	Volume = {17},
	Year = {1970},
	Bdsk-Url-1 = {http://www.ingentaconnect.com/content/tandf/tmop/1970/00000017/00000006/art00005}}

@article{Wir69,
	Author = {A. Wirgin},
	Date-Added = {2011-10-20 09:45:04 +0000},
	Date-Modified = {2011-10-20 09:47:39 +0000},
	Journal = {Alta. Freq.},
	Pages = {327-338},
	Title = {Selected papers from the URSI symp},
	Volume = {38},
	Year = {1969}}

@article{Pet66,
	Author = {R. Petit},
	Date-Added = {2011-10-20 09:42:15 +0000},
	Date-Modified = {2011-10-20 09:44:26 +0000},
	Journal = {Rev. Opt.},
	Pages = {249-276},
	Title = {Contribution {\`a} l'{\'e}tude de la diffraction par un r{\'e}seau m{\'e}tallique },
	Volume = {45},
	Year = {1966}}

@article{May78,
	Abstract = {We present a new rigorous integral formalism for the theoretical study of dielectric coated gratings and grating couplers. It applies in the resonance domain, where the wavelength of the incident field and the groove spacing are of the same order of magnitude. The computed program issued from this theory extends the domain of application of the previous differential or integral theories. It can be used to investigate, with a very good accuracy, the properties of bare or dielectric coated gratings, for any groove shape and any polarization, in the entire visible, ultraviolet, and infrared regions. Various classical criteria are used to control the validity of the numerical results and comparisons are made with the numerical results obtained using the previous integral and differential formalisms. Two examples of applications are given. First, we show that the new possibilities of our program lead to a better agreement between theoretical results and experimental data. Second, a theoretical study of a certain type of grating coupler is given.},
	Author = {D. Maystre},
	Date-Added = {2011-10-20 09:34:23 +0000},
	Date-Modified = {2011-10-20 09:34:44 +0000},
	Doi = {10.1364/JOSA.68.000490},
	Journal = {J. Opt. Soc. Am.},
	Month = {Apr},
	Number = {4},
	Pages = {490--495},
	Publisher = {OSA},
	Title = {A new general integral theory for dielectric coated gratings},
	Url = {http://www.opticsinfobase.org/abstract.cfm?URI=josa-68-4-490},
	Volume = {68},
	Year = {1978},
	Bdsk-Url-1 = {http://www.opticsinfobase.org/abstract.cfm?URI=josa-68-4-490},
	Bdsk-Url-2 = {http://dx.doi.org/10.1364/JOSA.68.000490}}

@article{Pet90,
	Abstract = {We first briefly draw the reader's attention to some of our papers recently published in other journals. Then, after some comments on the admittance and impedance operators, we introduce the Calderon projectors, and we show how the operator formalism can be used in grating problems. Finally, we present theoretical considerations on total sequences in function spaces, and we discuss a numerical method that seems promising.},
	Author = {R. Petit and M. Cadilhac},
	Date-Added = {2011-10-20 07:14:24 +0000},
	Date-Modified = {2011-10-20 07:14:30 +0000},
	Doi = {10.1364/JOSAA.7.001666},
	Journal = {J. Opt. Soc. Am. A},
	Month = {Sep},
	Number = {9},
	Pages = {1666--1674},
	Publisher = {OSA},
	Title = {Electromagnetic theory of gratings: some advances and some comments on the use of the operator formalism},
	Url = {http://josaa.osa.org/abstract.cfm?URI=josaa-7-9-1666},
	Volume = {7},
	Year = {1990},
	Bdsk-File-1 = {YnBsaXN0MDDUAQIDBAUIJidUJHRvcFgkb2JqZWN0c1gkdmVyc2lvblkkYXJjaGl2ZXLRBgdUcm9vdIABqAkKFRYXGyIjVSRudWxs0wsMDQ4RFFpOUy5vYmplY3RzV05TLmtleXNWJGNsYXNzog8QgASABqISE4ACgAOAB1lhbGlhc0RhdGFccmVsYXRpdmVQYXRo0hgNGRpXTlMuZGF0YU8RAlAAAAAAAlAAAgAADE1hY2ludG9zaCBIRAAAAAAAAAAAAAAAAAAAAMo8HKNIKwAAABE10h9FbGVjdHJvbWFnbmV0aWNUaGVvciMxQkY5MDcucGRmAAAAAAAAAAAAAAAAAAAAAAAAAAAAAAAAAAAAAAAAAAAAG/kHyrHr8AAAAAAAAAAAAAEAAwAACSAAAAAAAAAAAAAAAAAAAAAGcGFwZXJzABAACAAAyjxxAwAAABEACAAAyrJAUAAAAAEAIAARNdIADs9TAAyzmwAMs5gADLOVAAUBKQAFASgAAL8xAAIAbE1hY2ludG9zaCBIRDpVc2VyczoAbWJvb3RzOgBEb2N1bWVudHM6ADIwMTE6AGJlYW10ZWFtOgB0aGVzaXM6AGRhdGE6AHBhcGVyczoARWxlY3Ryb21hZ25ldGljVGhlb3IjMUJGOTA3LnBkZgAOAGQAMQBFAGwAZQBjAHQAcgBvAG0AYQBnAG4AZQB0AGkAYwBUAGgAZQBvAHIAeQBPAGYARwByAGEAdABpAG4AZwBzAEEAZAB2AGEAbgBjAGUAcwBfAFAAZQB0AGkAdAAuAHAAZABmAA8AGgAMAE0AYQBjAGkAbgB0AG8AcwBoACAASABEABIAaVVzZXJzL21ib290cy9Eb2N1bWVudHMvMjAxMS9iZWFtdGVhbS90aGVzaXMvZGF0YS9wYXBlcnMvRWxlY3Ryb21hZ25ldGljVGhlb3J5T2ZHcmF0aW5nc0FkdmFuY2VzX1BldGl0LnBkZgAAEwABLwAAFQACAA3//wAAgAXSHB0eH1gkY2xhc3Nlc1okY2xhc3NuYW1lox8gIV1OU011dGFibGVEYXRhVk5TRGF0YVhOU09iamVjdF8QQC4uL2RhdGEvcGFwZXJzL0VsZWN0cm9tYWduZXRpY1RoZW9yeU9mR3JhdGluZ3NBZHZhbmNlc19QZXRpdC5wZGbSHB0kJaIlIVxOU0RpY3Rpb25hcnkSAAGGoF8QD05TS2V5ZWRBcmNoaXZlcgAIABEAFgAfACgAMgA1ADoAPABFAEsAUgBdAGUAbABvAHEAcwB2AHgAegB8AIYAkwCYAKAC9AL2AvsDBAMPAxMDIQMoAzEDdAN5A3wDiQOOAAAAAAAAAgEAAAAAAAAAKAAAAAAAAAAAAAAAAAAAA6A=},
	Bdsk-Url-1 = {http://josaa.osa.org/abstract.cfm?URI=josaa-7-9-1666},
	Bdsk-Url-2 = {http://dx.doi.org/10.1364/JOSAA.7.001666}}

@article{Bao95,
	Abstract = {We consider the diffraction of a time-harmonic wave incident upon a grating (or periodic) structure. We study mathematical issues that arise in the direct modeling, inverse, and optimal design problems. Particular attention is paid to the variational approach and to finite-element methods. For the direct problem various results on existence, uniqueness, and numerical approximations of solutions are presented. Convergence properties of the variational method and sensitivity to TM polarization are examined. Our recent research on inverse diffraction problems and optimal design problems is also discussed.},
	Author = {Gang Bao and David C. Dobson and J. Allen Cox},
	Date-Added = {2011-10-20 07:03:56 +0000},
	Date-Modified = {2011-10-20 07:04:09 +0000},
	Doi = {10.1364/JOSAA.12.001029},
	Journal = {J. Opt. Soc. Am. A},
	Month = {May},
	Number = {5},
	Pages = {1029--1042},
	Publisher = {OSA},
	Title = {Mathematical studies in rigorous grating theory},
	Url = {http://josaa.osa.org/abstract.cfm?URI=josaa-12-5-1029},
	Volume = {12},
	Year = {1995},
	Bdsk-Url-1 = {http://josaa.osa.org/abstract.cfm?URI=josaa-12-5-1029},
	Bdsk-Url-2 = {http://dx.doi.org/10.1364/JOSAA.12.001029},
	Bdsk-File-1 = {YnBsaXN0MDDUAQIDBAUIJidUJHRvcFgkb2JqZWN0c1gkdmVyc2lvblkkYXJjaGl2ZXLRBgdUcm9vdIABqAkKFRYXGyIjVSRudWxs0wsMDQ4RFFpOUy5vYmplY3RzV05TLmtleXNWJGNsYXNzog8QgASABqISE4ACgAOAB1lhbGlhc0RhdGFccmVsYXRpdmVQYXRo0hgNGRpXTlMuZGF0YU8RAlIAAAAAAlIAAgAADE1hY2ludG9zaCBIRAAAAAAAAAAAAAAAAAAAAMo8HKNIKwAAABE10h9NYXRoZW1hdGljYWxTdHVkaWVzSSMxQkY4MkYucGRmAAAAAAAAAAAAAAAAAAAAAAAAAAAAAAAAAAAAAAAAAAAAG/gvyrHr8AAAAAAAAAAAAAEAAwAACSAAAAAAAAAAAAAAAAAAAAAGcGFwZXJzABAACAAAyjxxAwAAABEACAAAyrJAUAAAAAEAIAARNdIADs9TAAyzmwAMs5gADLOVAAUBKQAFASgAAL8xAAIAbE1hY2ludG9zaCBIRDpVc2VyczoAbWJvb3RzOgBEb2N1bWVudHM6ADIwMTE6AGJlYW10ZWFtOgB0aGVzaXM6AGRhdGE6AHBhcGVyczoATWF0aGVtYXRpY2FsU3R1ZGllc0kjMUJGODJGLnBkZgAOAGYAMgBNAGEAdABoAGUAbQBhAHQAaQBjAGEAbABTAHQAdQBkAGkAZQBzAEkAbgBSAGkAZwBvAHIAbwB1AHMARwByAGEAdABpAG4AZwBUAGgAZQBvAHIAeQBfAEIAYQBvAC4AcABkAGYADwAaAAwATQBhAGMAaQBuAHQAbwBzAGgAIABIAEQAEgBqVXNlcnMvbWJvb3RzL0RvY3VtZW50cy8yMDExL2JlYW10ZWFtL3RoZXNpcy9kYXRhL3BhcGVycy9NYXRoZW1hdGljYWxTdHVkaWVzSW5SaWdvcm91c0dyYXRpbmdUaGVvcnlfQmFvLnBkZgATAAEvAAAVAAIADf//AACABdIcHR4fWCRjbGFzc2VzWiRjbGFzc25hbWWjHyAhXU5TTXV0YWJsZURhdGFWTlNEYXRhWE5TT2JqZWN0XxBBLi4vZGF0YS9wYXBlcnMvTWF0aGVtYXRpY2FsU3R1ZGllc0luUmlnb3JvdXNHcmF0aW5nVGhlb3J5X0Jhby5wZGbSHB0kJaIlIVxOU0RpY3Rpb25hcnkSAAGGoF8QD05TS2V5ZWRBcmNoaXZlcgAIABEAFgAfACgAMgA1ADoAPABFAEsAUgBdAGUAbABvAHEAcwB2AHgAegB8AIYAkwCYAKAC9gL4Av0DBgMRAxUDIwMqAzMDdwN8A38DjAORAAAAAAAAAgEAAAAAAAAAKAAAAAAAAAAAAAAAAAAAA6M=}}

@book{Ray86,
	Author = {Rayleigh, J.W.S.},
	Date-Added = {2011-10-20 06:35:02 +0000},
	Date-Modified = {2011-10-20 06:35:12 +0000},
	Lccn = {01018978},
	Number = {v. 2},
	Publisher = {Macmillan},
	Series = {The Theory of Sound},
	Title = {The theory of sound},
	Url = {http://books.google.com/books?id=Zm9LAAAAMAAJ},
	Year = {1896},
	Bdsk-Url-1 = {http://books.google.com/books?id=Zm9LAAAAMAAJ},
	Bdsk-File-1 = {YnBsaXN0MDDUAQIDBAUIJidUJHRvcFgkb2JqZWN0c1gkdmVyc2lvblkkYXJjaGl2ZXLRBgdUcm9vdIABqAkKFRYXGyIjVSRudWxs0wsMDQ4RFFpOUy5vYmplY3RzV05TLmtleXNWJGNsYXNzog8QgASABqISE4ACgAOAB1lhbGlhc0RhdGFccmVsYXRpdmVQYXRo0hgNGRpXTlMuZGF0YU8RAhIAAAAAAhIAAgAADE1hY2ludG9zaCBIRAAAAAAAAAAAAAAAAAAAAMo8HKNIKwAAABE10h1UaGVUaGVvcnlPZlNvdW5kX1JheWxlaWdoLnBkZgAAAAAAAAAAAAAAAAAAAAAAAAAAAAAAAAAAAAAAAAAAAAAAG/hvysUknAAAAAAAAAAAAAEAAwAACSAAAAAAAAAAAAAAAAAAAAAGcGFwZXJzABAACAAAyjxxAwAAABEACAAAysV4/AAAAAEAIAARNdIADs9TAAyzmwAMs5gADLOVAAUBKQAFASgAAL8xAAIAak1hY2ludG9zaCBIRDpVc2VyczoAbWJvb3RzOgBEb2N1bWVudHM6ADIwMTE6AGJlYW10ZWFtOgB0aGVzaXM6AGRhdGE6AHBhcGVyczoAVGhlVGhlb3J5T2ZTb3VuZF9SYXlsZWlnaC5wZGYADgA8AB0AVABoAGUAVABoAGUAbwByAHkATwBmAFMAbwB1AG4AZABfAFIAYQB5AGwAZQBpAGcAaAAuAHAAZABmAA8AGgAMAE0AYQBjAGkAbgB0AG8AcwBoACAASABEABIAVVVzZXJzL21ib290cy9Eb2N1bWVudHMvMjAxMS9iZWFtdGVhbS90aGVzaXMvZGF0YS9wYXBlcnMvVGhlVGhlb3J5T2ZTb3VuZF9SYXlsZWlnaC5wZGYAABMAAS8AABUAAgAN//8AAIAF0hwdHh9YJGNsYXNzZXNaJGNsYXNzbmFtZaMfICFdTlNNdXRhYmxlRGF0YVZOU0RhdGFYTlNPYmplY3RfECwuLi9kYXRhL3BhcGVycy9UaGVUaGVvcnlPZlNvdW5kX1JheWxlaWdoLnBkZtIcHSQloiUhXE5TRGljdGlvbmFyeRIAAYagXxAPTlNLZXllZEFyY2hpdmVyAAgAEQAWAB8AKAAyADUAOgA8AEUASwBSAF0AZQBsAG8AcQBzAHYAeAB6AHwAhgCTAJgAoAK2ArgCvQLGAtEC1QLjAuoC8wMiAycDKgM3AzwAAAAAAAACAQAAAAAAAAAoAAAAAAAAAAAAAAAAAAADTg==}}

@article{Ray07,
	Author = {Rayleigh, Lord},
	Copyright = {Copyright {\copyright} 1907 The Royal Society},
	Date-Added = {2011-10-20 00:47:39 +0000},
	Date-Modified = {2011-10-20 00:50:20 +0000},
	Issn = {09501207},
	Journal = {{Proceedings of the Royal Society of London. Series A, Containing Papers of a Mathematical and Physical Character}},
	Jstor_Articletype = {research-article},
	Jstor_Formatteddate = {Aug. 2, 1907},
	Language = {English},
	Number = {532},
	Pages = {pp. 399-416},
	Publisher = {The Royal Society},
	Title = {On the Dynamical Theory of Gratings},
	Url = {http://www.jstor.org/stable/92655},
	Volume = {79},
	Year = {1907},
	Bdsk-Url-1 = {http://www.jstor.org/stable/92655}}

@misc{CXR11,
	Author = {Center for X-Ray Optics},
	Date-Added = {2011-10-19 10:00:26 +0000},
	Date-Modified = {2011-10-19 10:23:17 +0000},
	Howpublished = {\url{http://henke.lbl.gov/optical_constants/}},
	Month = {October},
	Title = {X-Ray Interactions With Matter Calculator},
	Year = {2011}}

@article{Jia95,
	Author = {J. J. Jia and T. A. Callcott and J. Yurkas and A. W. Ellis and F. J. Himpsel and M. G. Samant and J. St{\"o}hr and D. L. Ederer and J. A. Carlisle and E. A. Hudson and L. J. Terminello and D. K. Shuh and R. C. C. Perera},
	Coden = {RSINAK},
	Date-Added = {2011-10-19 09:48:01 +0000},
	Date-Modified = {2011-10-19 21:04:16 +0000},
	Doi = {DOI:10.1063/1.1145985},
	Eissn = {10897623},
	Issn = {00346748},
	Journal = {Review of Scientific Instruments},
	Keywords = {ADVANCED LIGHT SOURCE; USES; PROGRESS REPORT; LAWRENCE BERKELEY LABORATORY; LAWRENCE LIVERMORE LABORATORY; ONDULATOR RADIATION; GRAPHITE; TITANIUM OXIDES; X?RAY SPECTRA; ELECTRONIC STRUCTURE; FLUORESCENCE;},
	Number = {2},
	Pages = {1394-1397},
	Publisher = {AIP},
	Title = {First experimental results from {IBM/TENN/TULANE/LLNL/LBL} undulator beamline at the {Advanced Light Source}},
	Url = {http://dx.doi.org/10.1063/1.1145985},
	Volume = {66},
	Year = {1995},
	Bdsk-Url-1 = {http://dx.doi.org/10.1063/1.1145985}}

@article{Pet95,
	Author = {H. Petersen and C. Jung and C. Hellwig and W. B. Peatman and W. Gudat},
	Coden = {RSINAK},
	Date-Added = {2011-10-19 09:36:44 +0000},
	Date-Modified = {2011-10-19 10:14:57 +0000},
	Doi = {DOI:10.1063/1.1145258},
	Eissn = {10897623},
	Issn = {00346748},
	Journal = {Review of Scientific Instruments},
	Keywords = {SOFT X RADIATION; MONOCHROMATORS; REVIEWS; DIFFRACTION GRATINGS; FOCUSING; PERFORMANCE; EV RANGE; KEV RANGE 01?10; TRANSFER FUNCTIONS; PLANAR CONFIGURATION;},
	Number = {1},
	Pages = {1-14},
	Publisher = {AIP},
	Title = {Review of plane grating focusing for soft x-ray monochromators},
	Url = {http://dx.doi.org/10.1063/1.1145258},
	Volume = {66},
	Year = {1995},
	Bdsk-Url-1 = {http://dx.doi.org/10.1063/1.1145258}}

@book{Pea97,
	Author = {Peatman, W.B.},
	Date-Added = {2011-10-19 09:31:48 +0000},
	Date-Modified = {2011-10-19 09:31:58 +0000},
	Isbn = {9789056990282},
	Lccn = {00278365},
	Publisher = {Gordon and Breach Science Publishers},
	Title = {Gratings, mirrors, and slits: beamline design for soft X-ray synchrotron radiation sources},
	Url = {http://books.google.com/books?id=A3g5yxbee60C},
	Year = {1997},
	Bdsk-Url-1 = {http://books.google.com/books?id=A3g5yxbee60C}}

@article{Pie11,
	Author = {Pietzsch, A. and Sun, Y.-P. and Hennies, F. and Rinkevicius, Z. and Karlsson, H. O. and Schmitt, T. and Strocov, V.\,N. and Andersson, J. and Kennedy, B. and Schlappa, J. and F\"ohlisch, A. and Rubensson, J.-E. and Gel'mukhanov, F.},
	Date-Added = {2011-10-19 09:21:26 +0000},
	Date-Modified = {2011-10-19 09:21:39 +0000},
	Doi = {10.1103/PhysRevLett.106.153004},
	Issue = {15},
	Journal = {Phys. Rev. Lett.},
	Month = {Apr},
	Numpages = {4},
	Pages = {153004},
	Publisher = {American Physical Society},
	Title = {Spatial Quantum Beats in Vibrational Resonant Inelastic Soft X-Ray Scattering at Dissociating States in Oxygen},
	Url = {http://link.aps.org/doi/10.1103/PhysRevLett.106.153004},
	Volume = {106},
	Year = {2011},
	Bdsk-Url-1 = {http://link.aps.org/doi/10.1103/PhysRevLett.106.153004},
	Bdsk-Url-2 = {http://dx.doi.org/10.1103/PhysRevLett.106.153004}}

@article{Bra10,
	Author = {Braicovich, L. and van den Brink, J. and Bisogni, V. and Sala, M. Moretti and Ament, L. J. P. and Brookes, N. B. and De Luca, G. M. and Salluzzo, M. and Schmitt, T. and Strocov, V. N. and Ghiringhelli, G.},
	Date-Added = {2011-10-19 09:18:55 +0000},
	Date-Modified = {2011-10-19 21:06:42 +0000},
	Doi = {10.1103/PhysRevLett.104.077002},
	Issue = {7},
	Journal = {Phys. Rev. Lett.},
	Month = {Feb},
	Numpages = {4},
	Pages = {077002},
	Publisher = {American Physical Society},
	Title = {Magnetic Excitations and Phase Separation in the Underdoped {${\mathrm{La}}_{2-x}{\mathrm{Sr}}_{x}{\mathrm{CuO}}_{4}$} Superconductor Measured by Resonant Inelastic X-Ray Scattering},
	Url = {http://link.aps.org/doi/10.1103/PhysRevLett.104.077002},
	Volume = {104},
	Year = {2010},
	Bdsk-Url-1 = {http://link.aps.org/doi/10.1103/PhysRevLett.104.077002},
	Bdsk-Url-2 = {http://dx.doi.org/10.1103/PhysRevLett.104.077002}}

@article{deG90,
	Author = {de Groot, F. M. F. and Fuggle, J. C. and Thole, B. T. and Sawatzky, G. A.},
	Date-Added = {2011-10-19 09:11:21 +0000},
	Date-Modified = {2011-10-19 21:07:17 +0000},
	Doi = {10.1103/PhysRevB.42.5459},
	Issue = {9},
	Journal = {Phys. Rev. B},
	Month = {Sep},
	Pages = {5459--5468},
	Publisher = {American Physical Society},
	Title = {2\textit{p} x-ray absorption of 3\textit{d} transition-metal compounds: An atomic multiplet description including the crystal field},
	Url = {http://link.aps.org/doi/10.1103/PhysRevB.42.5459},
	Volume = {42},
	Year = {1990},
	Bdsk-Url-1 = {http://link.aps.org/doi/10.1103/PhysRevB.42.5459},
	Bdsk-Url-2 = {http://dx.doi.org/10.1103/PhysRevB.42.5459}}

@article{But96,
	Author = {Butorin, S. M. and Guo, J.-H. and Magnuson, M. and Kuiper, P. and Nordgren, J.},
	Date-Added = {2011-10-19 09:01:55 +0000},
	Date-Modified = {2011-10-19 21:05:00 +0000},
	Doi = {10.1103/PhysRevB.54.4405},
	Issue = {7},
	Journal = {Phys. Rev. B},
	Month = {Aug},
	Pages = {4405--4408},
	Publisher = {American Physical Society},
	Title = {Low-energy \textit{d} - \textit{d} excitations in {MnO} studied by resonant x-ray fluorescence spectroscopy},
	Url = {http://link.aps.org/doi/10.1103/PhysRevB.54.4405},
	Volume = {54},
	Year = {1996},
	Bdsk-Url-1 = {http://link.aps.org/doi/10.1103/PhysRevB.54.4405},
	Bdsk-Url-2 = {http://dx.doi.org/10.1103/PhysRevB.54.4405}}

@article{Zee97,
	Annote = {10.1086/140355

http://adsabs.harvard.edu//abs/1897ApJ.....5..332Z
},
	Author = {Zeeman, P.},
	Date-Added = {2011-10-19 08:54:31 +0000},
	Date-Modified = {2011-10-19 08:56:46 +0000},
	Journal = {Astrophysical Journal},
	Pages = {332},
	Title = {On the Influence of Magnetism on the Nature of the Light Emitted by a Substance},
	Volume = {5},
	Year = {1897}}

@mastersthesis{Mui06,
	Author = {Muir, David},
	Date-Added = {2011-10-19 08:43:33 +0000},
	Date-Modified = {2011-10-19 21:03:50 +0000},
	School = {University of Saskatchewan},
	Title = {Design of a High Performance Soft X-Ray Emission Spectrometer for the {REIXS} Beamline at the Canadian Light Source},
	Year = {2006}}

@misc{Oce11,
	Author = {Ocean Optics Inc.},
	Date-Added = {2011-10-19 08:34:53 +0000},
	Date-Modified = {2011-10-19 10:24:48 +0000},
	Howpublished = {\url{http://www.oceanoptics.com/Products/usb4000uvvis.asp}},
	Month = {October},
	Title = {USB4000-UV-VIS Miniature Fiber Optic Spectrometer},
	Url = {http://www.oceanoptics.com/Products/usb4000uvvis.asp},
	Urldate = {http://www.oceanoptics.com/Products/usb4000uvvis.asp},
	Year = {2011}}

@book{Fra98,
	Annote = {Page 61.  Download the book from:

http://www.archive.org/details/prismaticanddif02wollgoog

http://ia600306.us.archive.org/22/items/prismaticanddif02wollgoog/prismaticanddif02wollgoog.pdf

},
	Author = {Fraunhofer, J. and Ames, J.S. and Wollaston, W.H.},
	Date-Added = {2011-10-19 08:02:47 +0000},
	Date-Modified = {2011-10-19 08:17:28 +0000},
	Lccn = {98001734},
	Publisher = {Harper \& brothers},
	Series = {Harper's scientific memoirs},
	Title = {Prismatic and diffraction spectra},
	Url = {http://www.archive.org/details/prismaticanddif02wollgoog},
	Year = {1898},
	Bdsk-Url-1 = {http://books.google.com/books?id=fmYMAAAAYAAJ}}

@article{Fra23,
	Author = {Fraunhofer, J.},
	Date-Added = {2011-10-19 05:12:22 +0000},
	Date-Modified = {2011-10-19 21:04:47 +0000},
	Doi = {10.1002/andp.18230740802},
	Issn = {1521-3889},
	Journal = {Annalen der Physik},
	Number = {8},
	Pages = {337--378},
	Publisher = {WILEY-VCH Verlag},
	Title = {Kurzer Bericht von den Resultaten neuerer Versuche {\"u}ber die Gesetze des Lichtes, und die Theorie derselben ({S}hort Account of the Results of New Experiments on the Laws of Light, and their Theory)},
	Url = {http://dx.doi.org/10.1002/andp.18230740802},
	Volume = {74},
	Year = {1823},
	Bdsk-Url-1 = {http://dx.doi.org/10.1002/andp.18230740802}}

@comment{BibDesk Static Groups{
<?xml version="1.0" encoding="UTF-8"?>
<!DOCTYPE plist PUBLIC "-//Apple//DTD PLIST 1.0//EN" "http://www.apple.com/DTDs/PropertyList-1.0.dtd">
<plist version="1.0">
<array>
	<dict>
		<key>group name</key>
		<string>Gratings</string>
		<key>keys</key>
		<string>Pet90,Ray07,Ray86,May78,Pav70,Bao95</string>
	</dict>
</array>
</plist>
}}
